% Encoding: UTF-8


@Book{lodish12,
  Title                    = {Molecular Biology},
  Author                   = {H. Lodish et al.},
  Publisher                = {W. H. Freeman},
  Year                     = {2012},

  Address                  = {Houndmills}
}

@Electronic{biomimicry01,
  Title                    = {Learning Efficiency from Kingfishers},
  Author                   = {BIOMIMICRY 3.8},
  Note                     = {acessado em 25/02/2014},
  Url                      = {http://biomimicry.net/about/biomimicry/case-examples/transportation},

  Owner                    = {italo},
  Timestamp                = {2015.09.14}
}

@Book{alexander79,
  Title                    = {The timeless way of building},
  Author                   = {C. W. Alexander},
  Publisher                = {Oxford University Press},
  Year                     = {1979},

  Address                  = {New York}
}

@Book{alexander77,
  Title                    = {A pattern language},
  Author                   = {C. W. Alexander},
  Publisher                = {Oxford University Press},
  Year                     = {1977},

  Address                  = {New York}
}

@Book{alexander64,
  Title                    = {Notes on the synthesis os form},
  Author                   = {C. W. Alexander},
  Publisher                = {Harvard University Press},
  Year                     = {1964},

  Address                  = {Cambridge}
}

@Book{altshuller99,
  Title                    = {The innovation algorithm, TRIZ, systematic innovation and technical creativity},
  Author                   = {G. Altshuller},
  Publisher                = {Technical Innovation Center},
  Year                     = {1999},

  Address                  = {Worcester}
}

@Book{benyus03,
  Title                    = {Biomimética: inovação inspirada pela natureza},
  Author                   = {J. M. Benyus},
  Publisher                = {Cultrix},
  Year                     = {2003},

  Address                  = {São Paulo}
}

@Book{bluchel09,
  Title                    = {Biônica: como podemos usar a engenharia da natureza a nosso favor},
  Author                   = {K. G. Blüchel},
  Publisher                = {Publishing House Lobmaier},
  Year                     = {2009},

  Address                  = {São Paulo}
}

@Book{boole,
  Title                    = {An Investigation of the Laws of Thought: On which are Founded the Mathematical Theories of Logic and Probabilities},
  Author                   = {Boole, G.},
  Publisher                = {Walton and Maberly},
  Year                     = {1854}
}

@InCollection{brooks99a,
  Title                    = {Intelligence without representation.},
  Author                   = {R. A. Brooks},
  Booktitle                = {Cambrian intelligence, the early history of the new AI},
  Publisher                = {MIT Press},
  Year                     = {1999},

  Address                  = {Cambridge},
  Pages                    = {79-101}
}

@InCollection{brooks99b,
  Title                    = {Intelligence without reason.},
  Author                   = {R. A. Brooks},
  Booktitle                = {Cambrian intelligence, the early history of the new AI},
  Publisher                = {MIT Press},
  Year                     = {1999},

  Address                  = {Cambridge},
  Pages                    = {133-186}
}

@InCollection{brooks99c,
  Title                    = {Elephants don't play chess},
  Author                   = {R. A. Brooks},
  Booktitle                = {Cambrian intelligence, the early history of the new AI},
  Publisher                = {MIT Press},
  Year                     = {1999},

  Address                  = {Cambridge},
  Pages                    = {110-131}
}

@Article{kandel70,
  Title                    = {Neural mechanisms of habituation and dishabituation of the gill-withdrawal reflex in aplysia},
  Author                   = {Vincent Castellucci and Harold Pinsker and Irving Kupfermann and Eric R. Kandel},
  Journal                  = {Science},
  Year                     = {1970},
  Number                   = {3926},
  Pages                    = {1745-1748},
  Volume                   = {167}
}

@Article{decastro06,
  Title                    = {Fundamentals of natural computing: an overview},
  Author                   = {L. N. de Castro},
  Journal                  = {Physics of Life Reviews},
  Year                     = {2007},
  Number                   = {4},
  Pages                    = {1-36}
}

@Article{chase12,
  Title                    = {A Vida em uma Concha},
  Author                   = {I. Chase},
  Journal                  = {Scientific American Brasil},
  Year                     = {2012},
  Number                   = {122},
  Pages                    = {76-79}
}

@PhdThesis{dizero:2010,
  Title                    = {Formalismos adaptativos aplicados na modelagem de softwares educaionais},
  Author                   = {Wagner José Dizeró},
  School                   = {Escola Poltécnica da Universidade de São Paulo},
  Year                     = {2010},
  Type                     = {Tese de Doutorado},

  Owner                    = {italo},
  Timestamp                = {2016.01.12}
}

@Book{goldstein08,
  Title                    = {Imcompletude: a prova e o paradoxo de Gödel},
  Author                   = {R. Goldstein},
  Publisher                = {Companhia das Letras},
  Year                     = {2008},

  Address                  = {São Paulo}
}

@Book{gould96,
  Title                    = {Lance de dados: a ideia de evolução de Platão a Darwin},
  Author                   = {S. J. Gould},
  Publisher                = {Record},
  Year                     = {1996},

  Address                  = {Rio de Janeiro}
}

@Book{gunn04,
  Title                    = {James Joyce's Dublin: a topographical guide to the Dublin of Ulysses},
  Author                   = {I. Gunn and C. Clive},
  Publisher                = {Thames \& Hudson},
  Year                     = {2004},

  Address                  = {New York}
}

@Book{hofstadter79,
  Title                    = {Gödel, Escher, Bach: an eternal golden braid},
  Author                   = {D. R. Hofstadter},
  Publisher                = {Basic Book},
  Year                     = {1979},

  Address                  = {New York}
}

@Article{hui07,
  Title                    = {A computational model for basic learning and memory formation in \textit{Aplysia}},
  Author                   = {Z. Hui},
  Journal                  = {Department of Applied Physics - Chalmers University of Technology},
  Year                     = {2007},

  Address                  = {Göteborg}
}

@Book{Jackson:2000:PFA:513720,
  Title                    = {Problem Frames: Analyzing and Structuring Software Development Problems},
  Author                   = {Jackson, Michael},
  Publisher                = {Addison-Wesley Longman Publishing Co., Inc.},
  Year                     = {2001},

  Address                  = {Boston, MA, USA},

  ISBN                     = {0-201-59627-X}
}

@InCollection{Jaffe79,
  Title                    = {The bag},
  Author                   = {R. L. Jaffe},
  Booktitle                = {Pointlike structures inside and outside hadrons},
  Publisher                = {Plenum Press},
  Year                     = {1982},

  Address                  = {New York},
  Editor                   = {A. Zichichi},
  Pages                    = {99-146}
}

@Book{joycea,
  Title                    = {A portrait of the artist as a young man},
  Author                   = {J. Joyce},
  Publisher                = {The Project Gutenberg},
  Year                     = {2014},

  Address                  = {EBook 4217}
}

@Book{joyceb,
  Title                    = {Chamber music},
  Author                   = {J. Joyce},
  Publisher                = {The Project Gutenberg},
  Year                     = {2013},

  Address                  = {EBook 2817}
}

@Book{joyced,
  Title                    = {Ulysses},
  Author                   = {J. Joyce},
  Publisher                = {The Project Gutenberg},
  Year                     = {2013},

  Address                  = {EBook 4300}
}

@Book{joycec,
  Title                    = {Dubliners},
  Author                   = {J. Joyce},
  Publisher                = {The Project Gutenberg},
  Year                     = {2012},

  Address                  = {EBook 2814}
}

@Book{kandel06,
  Title                    = {Em busca da memória: o nascimento de uma nova ciência da mente},
  Author                   = {Eric R. Kandel},
  Publisher                = {Companhia das Letras},
  Year                     = {2006},

  Address                  = {São Paulo}
}

@Article{kandel06a,
  Title                    = {Molecular mechanisms of memory storage in Aplysia},
  Author                   = {Eric R. Kandel},
  Journal                  = {The Biological Bulletin},
  Year                     = {2006},
  Pages                    = {174-191},
  Volume                   = {210},

  Address                  = {Marine Biological Laboratory}
}

@Article{kandel06b,
  Title                    = {Dishabituation in Aplysia can involve either reversal of habituation or superimposed sensitization},
  Author                   = {Eric R. Kandel},
  Journal                  = {Learn. Mem.},
  Year                     = {2006},
  Pages                    = {397-403},
  Volume                   = {13},

  Address                  = {Cold Spring Harbor Laboratory Press}
}

@Article{kandel01,
  Title                    = {The molecular biology of memory storage: a dialogue between genes and synapses},
  Author                   = {Eric R. Kandel},
  Journal                  = {Science},
  Year                     = {2004},
  Pages                    = {1030-1038},
  Volume                   = {294}
}

@Book{kandel00,
  Title                    = {Principles of Neuroscience},
  Author                   = {Eric R. Kandel},
  Publisher                = {McGraw-Hill},
  Year                     = {2000},

  Address                  = {New York}
}

@MastersThesis{korecki08,
  Title                    = {Inspired design: using interdisciplinarity and biomimicry for software innovation},
  Author                   = {S. A. Korecki},
  School                   = {Grand Valley State University, School of Computing and Information Systems},
  Year                     = {2008},

  Address                  = {Allendale}
}

@Book{kranen08,
  Title                    = {The internet of things},
  Author                   = {R. Kranenburg},
  Publisher                = {Insitute of Network Cultures},
  Year                     = {2008},

  Address                  = {Amsterdam}
}

@Book{lent01,
  Title                    = {Cem Bilhões de Neurônios: conceitos fundamentais de neurociência},
  Author                   = {R. Lent},
  Publisher                = {Atheneu},
  Year                     = {2001},

  Address                  = {Rio de Janeiro}
}

@Book{lima12,
  Title                    = {UML 2.3: do requisito à solução},
  Author                   = {A. S. Lima},
  Publisher                = {Érica},
  Year                     = {2012},

  Address                  = {São Paulo}
}

@InCollection{luhn66,
  Title                    = {Keyword-in-context index for technical literature},
  Author                   = {H. P. Luhn},
  Booktitle                = {Readings in Automatic Language Processing},
  Publisher                = {American Elsevier},
  Year                     = {1966},

  Address                  = {New York},
  Editor                   = {D. G., DAVID},
  Pages                    = {159-167}
}

@Article{mccarthy55,
  Title                    = {A Proposal for the Dartmouth Summer Research Project on Artificial Intelligence},
  Author                   = {J. McCarthy},
  Journal                  = {AI Magazine},
  Year                     = {2006},
  Number                   = {4},
  Pages                    = {12-14},
  Volume                   = {27}
}

@Book{Muta87,
  Title                    = {Foundations of Quantum Chromodynamics},
  Author                   = {Taizo Muta},
  Publisher                = {World Scientific},
  Year                     = {1987},

  Address                  = {Singapore},

  Subtitle                 = {An Introduction to Perturbative Methods in Gauge Theories}
}

@Electronic{neto:2008,
  Title                    = {Uma Breve Introdução à Adaptatividade e à Tecnologia Adaptativa},
  Author                   = {João José Neto},
  Month                    = {Julho},
  Organization             = {Universidade Federal do Vale do São Francisco},
  Url                      = {http://www.cin.ufpe.br/~fdfd/},
  Year                     = {2008},

  Owner                    = {italo},
  Timestamp                = {2016.01.12}
}

@Conference{neto:bravo:2002,
  Title                    = {Adaptive Automata - a reduced complexity proposal},
  Author                   = {João José Neto and César Bravo},
  Booktitle                = {Seventh International Conference on Implementation and Application of Automata},
  Year                     = {2002},
  Organization             = {University of Tours},
  Pages                    = {161--170},

  Owner                    = {italo},
  Timestamp                = {2015.09.28}
}

@Conference{neto:1998,
  Title                    = {Adaptive Automata for Syntax Learning},
  Author                   = {João José Neto and M. K. Iwai},
  Booktitle                = {XXIV Conferência Latinoamericana de Informática},
  Year                     = {1998},

  Address                  = {Quito},
  Pages                    = {136--146},

  Owner                    = {italo},
  Timestamp                = {2015.09.28}
}

@TechReport{Newmann:1945:FDR:1102046,
  Title                    = {First Draft of a Report on the EDVAC},
  Author                   = {Newmann, John von},
  Year                     = {1945}
}

@MastersThesis{Master,
  Title                    = {Como Passar o Tempo Durante Dois Anos},
  Author                   = {Jo{\~a}o Ningu\'em},
  School                   = {Universidade Federal do Rio Grande do Sul, Instituto de F\'{\i}sica, Curso de P\'os-Gradua\c{c}\~ao em F\'{\i}sica},
  Year                     = {1995},

  Address                  = {Porto Alegre}
}

@Article{Nogami83,
  Title                    = {Divergence Disease of the Pion-Baryon Interaction in Quark-Based Models},
  Author                   = {Y. Nogami and Akira Suzuky},
  Journal                  = {Progress of Theoretical Physics},
  Year                     = {1983},

  Month                    = apr,
  Number                   = {4},
  Pages                    = {1184-1194},
  Volume                   = {69},

  Address                  = {Kyoto}
}

@InCollection{noth07,
  Title                    = {Máquinas Semióticas},
  Author                   = {W. Nöth},
  Booktitle                = {Computação, cognição, semiose},
  Publisher                = {EDUFBA},
  Year                     = {2007},

  Address                  = {Salvador, BA},
  Editor                   = {J. Queiroz and others},
  Pages                    = {159-183}
}

@Article{winfried,
  Title                    = {Máquinas Semióticas},
  Author                   = {W. Nöth},
  Journal                  = {Galáxia},
  Year                     = {2001},
  Pages                    = {51-73},
  Volume                   = {1}
}

@Book{noth96,
  Title                    = {A semiótica no século XX},
  Author                   = {W. Nöth},
  Publisher                = {Annablume},
  Year                     = {1996},

  Address                  = {São Paulo}
}

@Book{noth95,
  Title                    = {Handbook of semiotics},
  Author                   = {W. Nöth},
  Publisher                = {Indiana University Press},
  Year                     = {1995},

  Address                  = {Bloomington}
}

@Book{noth95b,
  Title                    = {Panorama da semiótica: de Platão a Peirce},
  Author                   = {W. Nöth},
  Publisher                = {Annablume},
  Year                     = {1995},

  Address                  = {São Paulo}
}

@Book{singer14,
  Title                    = {Cybersecurity and cyberwar: what everyone needs to know},
  Author                   = {P.W., SINGER and A., FRIEDMAN},
  Publisher                = {Oxford University Press},
  Year                     = {2014},

  Address                  = {New York}
}

@Article{parnas,
  Title                    = {On the Criteria to Be Used in Decomposing Systems into Modules},
  Author                   = {D. L. Parnas},
  Journal                  = {Commun. ACM},
  Year                     = {1972},
  Number                   = {12},
  Pages                    = {1053--1058},
  Volume                   = {15},

  Publisher                = {ACM}
}

@Article{parnas1972,
  Title                    = {On the criteria to be used in decomposing systems into modules},
  Author                   = {D. L. Parnas},
  Journal                  = j-CACM,
  Year                     = {1972},
  Number                   = {12},
  Pages                    = {1053--1058},
  Volume                   = {15},

  Doi                      = {http://doi.acm.org/10.1145/361598.361623},
  ISSN                     = {0001-0782},
  Owner                    = {italo},
  Publisher                = {ACM Press}
}

@Article{parnas72,
  Title                    = {On the criteria to be used in decomposing systems into modules},
  Author                   = {D. L. Parnas},
  Journal                  = {Communications of the ACM},
  Year                     = {1972},

  Month                    = dec,
  Number                   = {12},
  Pages                    = {1053-1058},
  Volume                   = {15},

  Address                  = {Pittsburgh}
}

@Book{parr:2013,
  Title                    = {The Definitive ANTLR 4 --- Reference},
  Author                   = {Terence Parr},
  Publisher                = {Pragmatic Bookshelf},
  Year                     = {2013},

  Owner                    = {italo},
  Timestamp                = {2016.01.12}
}

@Book{parr:2007,
  Title                    = {The Definitive ANTLR Reference: Building Domain-Specific Languages},
  Author                   = {Terence Parr},
  Publisher                = {Pragmatic Bookshelf},
  Year                     = {2007},

  ISBN                     = {0978739256}
}

@Book{peirce08,
  Title                    = {Semiótica},
  Author                   = {Peirce, C.S.},
  Publisher                = {Perspectiva},
  Year                     = {2008},

  Address                  = {São Paulo}
}

@Book{peirce1940philosophical,
  Title                    = {Philosophical Writings of Peirce},
  Author                   = {Peirce, C.S. and Buchler, J.},
  Publisher                = {Dover Publications},
  Year                     = {1940},
  Series                   = {Dover books on philosophy}
}

@MastersThesis{pelegrini:2009,
  Title                    = {Códigos Adaptativos e Linguagem para Programação Adaptativa: Conceitos e Tecnologia},
  Author                   = {Eder José Pelegrini},
  School                   = {v},
  Year                     = {2009},
  Type                     = {Dissertação de Mestrado},

  Owner                    = {italo},
  Timestamp                = {2016.01.13}
}

@Book{queiroz04,
  Title                    = {Semiose segundo C. S. Peirce},
  Author                   = {J. Queiroz},
  Publisher                = {EDUC},
  Year                     = {2004},

  Address                  = {São Paulo}
}

@InCollection{queiroz07,
  Title                    = {Estruturalismo hierárquico, semiose e emergência},
  Author                   = {J. Queiroz and C. N. El-Hani},
  Booktitle                = {Computação, cognição, semiose},
  Publisher                = {EDUFBA},
  Year                     = {2007},

  Address                  = {Salvador, BA},
  Editor                   = {J. Queiroz and others},
  Pages                    = {93-128}
}

@Book{ramos:2009:lftmi,
  Title                    = {Linguagens Formais: Teoria, Modelagem e Implementação},
  Author                   = {Marcus Vin{\'i}cius Midena Ramos and Jo{\~a}o Jos{\'e} Neto and Italo S. Vega},
  Publisher                = {Bookman},
  Year                     = {2009},

  Address                  = {Porto Alegre},
  Edition                  = {1},
  Note                     = {Pages = {656p}},

  Added-at                 = {2010-11-23T13:52:55.000+0100},
  Biburl                   = {http://www.bibsonomy.org/bibtex/25085e41613e8afdc80b753b5607710bf/diego},
  Interhash                = {675b8812e5eefed0d8e7b75c70949569},
  Intrahash                = {5085e41613e8afdc80b753b5607710bf},
  ISBN                     = {978-85-7780-453-5},
  Keywords                 = {Computation\_Theory, italo},
  Timestamp                = {2010-11-23T13:52:55.000+0100}
}

@Book{ridley99,
  Title                    = {Genoma: a autobiografia de uma espécie em 23 capítulos},
  Author                   = {M. Ridley},
  Publisher                = {Record},
  Year                     = {1999},

  Address                  = {Rio de Janeiro}
}

@Book{ryan:2010,
  Title                    = {Driving Technical Change},
  Author                   = {Terrence Ryan},
  Publisher                = {Pragmatic Bookshelf},
  Year                     = {2010},
  Edition                  = {1},

  ISBN                     = {1934356603,9781934356609}
}

@Book{russel04,
  Title                    = {Inteligência artificial},
  Author                   = {S., RUSSEL and P., NORVIG},
  Publisher                = {Elsevier},
  Year                     = {2004},

  Address                  = {Rio de Janeiro}
}

@Book{salthe85,
  Title                    = {Evolving hierarchical systems: their structure and representation},
  Author                   = {S. N. Salthe},
  Publisher                = {Columbia University Press},
  Year                     = {1985},

  Address                  = {New York}
}

@Book{teoriaSignos_Santaella,
  Title                    = {A teoria geral dos signos: como as linguagens significam as coisas},
  Author                   = {Santaella, L.},
  Publisher                = {Pioneira},
  Year                     = {2000}
}

@Article{schmitt69,
  Title                    = {Some interesting and useful biomimetic transforms},
  Author                   = {O. H. Schmitt},
  Journal                  = {Third International Biophysics Congress},
  Year                     = {1969},
  Pages                    = {297}
}

@Article{sebeok99,
  Title                    = {The sign science and the life science},
  Author                   = {T.A. Sebeok},
  Journal                  = {Applied Semiotics},
  Year                     = {1936},
  Number                   = {3},
  Pages                    = {85--96},
  Volume                   = {6/7}
}

@Article{ziemke01,
  Title                    = {A stroll through the worlds of robots and animals: applying {J}akob von {U}exküll's theory of meaning to daptative robots and artificial life},
  Author                   = {E. Sharkey and T. Ziemke},
  Journal                  = {Semiotica},
  Year                     = {2001},
  Number                   = {134},
  Pages                    = {701-746},
  Volume                   = {1/4},

  Owner                    = {italo},
  Timestamp                = {2015.09.14}
}

@MastersThesis{silva:2011,
  Title                    = {Software adaptativo, método de projeto, representação gráfica e implementação de linguagem de programação},
  Author                   = {Salvador Ramos Bernardino da Silva},
  School                   = {Software adaptativo, método de projeto, representação gráfica e implementação de linguagem de programação},
  Year                     = {2011},
  Type                     = {Dissertação de Mestrado},

  Owner                    = {italo},
  Timestamp                = {2016.01.15}
}

@Book{silver13,
  Title                    = {O Sinal e o ruído},
  Author                   = {N. Silver},
  Publisher                = {Intrínseca},
  Year                     = {2013},

  Address                  = {Rio de Janeiro}
}

@Book{sipser06,
  Title                    = {Introduction to the theory of computation},
  Author                   = {M. Sipser},
  Publisher                = {Thomson},
  Year                     = {2006},

  Address                  = {Boston}
}

@Article{souza05,
  Title                    = {SPINS - um simulador neural para visualização de aspectos de aprendizado utilizando nurônios \textit{spiking}},
  Author                   = {G. Souza},
  Journal                  = {Universidade Federal de Santa Catarina},
  Year                     = {2005},

  Address                  = {Florianópolis}
}

@Other{Steane97,
  Title                    = {Quantum Computing},
  Author                   = {Andrew Steane},
  Day                      = {24},
  Internetaddress          = {quant-ph/9708022 v2},
  Month                    = sep,
  Year                     = {1997}
}

@Book{teixeira98,
  Title                    = {Mentes e Máquinas},
  Author                   = {J. F. Teixeira},
  Publisher                = {São Paulo},
  Year                     = {1998},

  Address                  = {Porto Alegre}
}

@Book{teixeira90,
  Title                    = {O que é inteligência artificial},
  Author                   = {J. F. Teixeira},
  Publisher                = {Brasiliense},
  Year                     = {1990},

  Address                  = {Porto Alegre}
}

@Article{turing52,
  Title                    = {The Chemical Basis of Morphogenesis},
  Author                   = {Alan M. Turing},
  Journal                  = {Philosophical Transactions of the Royal Society of London B: Biological Sciences},
  Year                     = {1952},
  Pages                    = {37-72},
  Volume                   = {237}
}

@Article{turing50,
  author  = {Alan M. Turing},
  title   = {Computing machinery and intelligence},
  year    = {1950},
  volume  = {LIX},
  address = {Oxford},
  journal = {Mind: A Quarterly Review of Psychology and Philosophy},
}

@Article{turing36_errata,
  Title                    = {On computable Numbers, with An Application to the Entscheidungsproblem. A Correction},
  Author                   = {Alan M. Turing},
  Journal                  = {Proc. London Math. Soc.},
  Year                     = {1938},
  Pages                    = {544-546}
}

@Article{turing36,
  Title                    = {On computable numbers, with an application to the {E}ntscheidungsproblem},
  Author                   = {Alan M. Turing},
  Journal                  = {Proceedings of the London Mathematical Society},
  Year                     = {1936},
  Pages                    = {230-265},
  Volume                   = {42}
}

@InCollection{uexkull34,
  Title                    = {A stroll through the worlds of animals and men: a picture book of invisible worlds},
  Author                   = {J. von. Uexküll},
  Booktitle                = {Instintive behavior: the development of a modern concept },
  Publisher                = {International Universities Press},
  Year                     = {1934},

  Address                  = {New York},
  Editor                   = {Claire H. Schiller},
  Pages                    = {5-80}
}

@Article{uexkull82,
  Title                    = {A theory of meaning},
  Author                   = {J. von. Uexküll},
  Journal                  = {Semiotica},
  Year                     = {1982},
  Number                   = {42},
  Pages                    = {19-48},
  Volume                   = {1}
}

@Article{thure04,
  Title                    = {A teoria da Umwelt de Jakob von Uexküll},
  Author                   = {T. von. Uexküll},
  Journal                  = {Galaxia},
  Year                     = {2004},
  Number                   = {7},
  Pages                    = {25-82}
}

@Article{thure92,
  Title                    = {The sign theory of Jakob von Uexküll},
  Author                   = {T. von. Uexküll},
  Journal                  = {Semiotica},
  Year                     = {1992},
  Number                   = {4},
  Pages                    = {279-315},
  Volume                   = {89}
}

@Unpublished{italo,
  Title                    = {Arquiteturas de Sistemas e Tecnologias Midiáticas},
  Author                   = {Italo S. Vega},
  Note                     = {Notas de aula sobre elementos arquiteturais de sistemas de software do Programa de Pós-graduação TIDD/PUCSP.},
  Year                     = {2015},

  School                   = {GEMS/PUC-SP}
}

@Conference{vega:2012,
  Title                    = {Especificações adaptativas e objetos, uma técnica de design de software a partir de statecharts com métodos adaptativos},
  Author                   = {Italo S. Vega},
  Booktitle                = {Sexto Workshop de Tecnologia Adaptativa --- {WTA}},
  Year                     = {2012},
  Organization             = {Escola Politécnica da Universidade de São Paulo},
  Publisher                = {Laboratório de Linguagens e Técnicas Adaptativas},

  Owner                    = {italo},
  Timestamp                = {2014.10.03},
  Url                      = {http://lta.poli.usp.br/lta/publicacoes/artigos/2012/vega-2012-especificacoes-adaptativas-e-objetos-uma-tecnica-de-design-de-software-a-partir-de-statecharts-com-metodos-adaptativos/view}
}

@Article{vega:2009,
  author    = {Italo S. Vega},
  title     = {An adaptive automata operational semantic},
  year      = {2008},
  volume    = {6},
  number    = {5},
  pages     = {461--470},
  issn      = {1548-0992},
  url       = {http://www.ewh.ieee.org/reg/9/etrans/ieee/issues/vol06/vol6issue5Sept.2008/6TLA5\_12SantiagoVega.pdf},
  journal   = {IEEE Latin America Transactions},
  owner     = {italo},
  timestamp = {2014.10.03},
}

@InProceedings{vega:2015,
  Title                    = {Elaboração de especificações adaptativas: uma abordagem biomimética},
  Author                   = {Italo S. Vega and Carlos E. P. de Camargo and Francisco S. Marcondes},
  Booktitle                = {Memórias do WTA 2015, IX Workshop de Tecnologia Adaptativa},
  Year                     = {2015},
  Organization             = {Departamento de Engenharia de Computação e Sistemas Digitais, USP},
  Pages                    = {87--90},
  Publisher                = {Laboratório de Linguagens e Técnicas Adaptativas},

  ISBN                     = {978-85-86686-82-5},
  Owner                    = {italo},
  Timestamp                = {2015.09.14}
}

@Article{vincent06,
  Title                    = {Biomimetics: its practice and theory},
  Author                   = {J. F. Vincent},
  Journal                  = {J. R. Soc. Interface},
  Year                     = {2006},
  Number                   = {3},
  Pages                    = {471-482}
}

@Book{webb01,
  Title                    = {Biorobotics, methods and applications},
  Author                   = {B. Webb and T. R. Consi},
  Publisher                = {MIT Press},
  Year                     = {2001},

  Address                  = {Cambridge}
}

@Book{zikopoulos12,
  Title                    = {Understanding big data: analytics for enterprise class hadoop and streaming data},
  Author                   = {P.C. Zikopoulos},
  Publisher                = {McGraw Hill},
  Year                     = {2012},

  Address                  = {U.S.A.}
}

@Comment{jabref-meta: databaseType:biblatex;}
